@article{jmeter,
  title={Introducci{\'o}n a Jmeter},
  author={Pedro Hernandez},
  URL={http://janus.cl/clases/jmeter.odt},
  note={{\'U}ltimo acceso: 22 de mayo del 2015},
  year={2008}
}
